@article{silq2024,
  title={High-level quantum algorithm programming using Silq},
  author={Bezganovic, Enis and others},
  journal={arXiv preprint arXiv:2409.10231},
  year={2024}
}

@article{qutes2025,
  title={Qutes: A High-Level Quantum Programming Language for Simplified Quantum Computing},
  author={Faro, Alessandro and others},
  journal={arXiv preprint arXiv:2503.13084},
  year={2025}
}

@article{qmod2025,
  title={Qmod: Expressive High-Level Quantum Modeling},
  author={Anonymous},
  journal={arXiv preprint arXiv:2502.19368},
  year={2025}
}

@article{qrisp2024,
  title={Qrisp: A Framework for Compilable High-Level Programming of Gate-Based Quantum Computers},
  author={Seidel, Paul and others},
  journal={arXiv preprint arXiv:2406.14792},
  year={2024}
}

@article{onda2024,
  title={ONDA: A High-Level Quantum Programming Language with Sequential Execution and Conditional Branching},
  author={De Gregorio, Mauro},
  journal={arXiv preprint arXiv:2410.06779},
  year={2024}
}

@article{qiskit,
  title={Qiskit: An open-source framework for quantum computing},
  author={Aleksandrowicz, Gadi and others},
  journal={Zenodo},
  year={2019},
  doi={10.5281/zenodo.2562111}
}

@article{pennylane,
  title={PennyLane: Automatic differentiation of hybrid quantum-classical computations},
  author={Bergholm, Ville and others},
  journal={arXiv preprint arXiv:1811.04968},
  year={2018}
}

@article{cross2017open,
  title={Open quantum assembly language},
  author={Cross, Andrew W and Bishop, Lev S and Smolin, John A and Gambetta, Jay M},
  journal={arXiv preprint arXiv:1707.03429},
  year={2017}
}

@inproceedings{quff2024,
author = {Wright, Christopher John and Luj\'{a}n, Mikel and Petoumenos, Pavlos and Goodacre, John},
title = {Quff: A Dynamically Typed Hybrid Quantum-Classical Programming Language},
year = {2024},
isbn = {9798400711183},
publisher = {Association for Computing Machinery},
address = {New York, NY, USA},
url = {https://doi.org/10.1145/3679007.3685063},
doi = {10.1145/3679007.3685063},
booktitle = {Proceedings of the 21st ACM SIGPLAN International Conference on Managed Programming Languages and Runtimes},
pages = {65–81},
numpages = {17},
keywords = {Compilation, Dynamically-typed Programming, GraalVM, Intermediate Representation, Java on Truffle, Quantum Computing, Quantum Programming, Runtime Systems},
location = {Vienna, Austria},
series = {MPLR 2024}
}

@inproceedings{lukka2003constructive,
  title={The constructive research approach},
  author={Lukka, Kari},
  booktitle={Case study research in logistics},
  pages={83--101},
  year={2003},
  publisher={Turku School of Economics}
}

@article{mcgregor2018,
  title={Constructive Research in Transdisciplinary Innovation},
  author={McGregor, Shona},
  journal={TIM Review},
  year={2018},
  url={https://timreview.ca/article/1174}
}

@incollection{dodig2010,
  title={Constructive Research and Info-Computational Knowledge Generation},
  author={Dodig-Crnkovic, Gordana},
  booktitle={Computational Models in Cognitive Science},
  pages={253--269},
  year={2010},
  publisher={Springer},
  url={https://link.springer.com/chapter/10.1007/978-3-642-15223-8_20}
}

@techreport{lassenius2001,
  title={Constructive Research Method in Software Engineering: Guidelines for Master’s Theses},
  author={Lassenius, Carl and Soininen, Timo and Vanhanen, Jari},
  institution={Department of Computer Science, University of Turku},
  year={2001},
  url={https://www.pm.lth.se/fileadmin/_migrated/content_uploads/3._constructive_research.pdf}
}
